@book{devopshandbook,
    title = {The DevOps Handbook},
    booksubtitle = {How to Create World-Class Agility, Reliability, & Security in Technology Organizations},
    author = {Gene Kim, Jez Humble, Patrick Debois and John Willis},
    isbn = {1950508404},
    year = {2021},
    publisher = {IT Revolution Press},
}

@book{thephoenixproject,
    title = {The Phoenix Project},
    author = {Gene Kim, Kevin Behr and Georg Spafford},
    isbn = {9781942788294},
    year = {2018},
    publisher = {IT Revolution Press},
}

@online{devopsviewsthrougheras,
    author = "Github",
    title = "What is DevOps?",
    url  = "https://www.youtube.com/watch?v=kBV8gPVZNEE",
    addendum = "(accessed: 07.05.2023)",
    keywords = "devops,github,philosophy"
}https://www.overleaf.com/project/64511abaf17dc426f423936d



